@online{zdnet-nosql,
	author = {Andrew Bust},
	title = {RDBMS vs. NoSQL: How do you pick?},
	date = {11 juni, 2017},
	month = {juni},
	year = {2018},
	url = {https://www.zdnet.com/article/rdbms-vs-nosql-how-do-you-pick/},
}

@book{graphdbs,
author ={Ian Robinson, Jim Webber, and Emil Eifrem},
title = {Graph Databases},
}
